<record><leader>00000cas a22000007a 4500</leader><controlfield tag="001">11510971</controlfield><controlfield tag="008">841219d18941902nyudn ne      0    0eng d</controlfield><datafield ind1=" " ind2=" " tag="010"><subfield code="a">sn 84031057 </subfield></datafield><datafield ind1=" " ind2=" " tag="040"><subfield code="a">NYG</subfield><subfield code="b">eng</subfield><subfield code="c">NYG</subfield><subfield code="d">NYS</subfield><subfield code="d">OCLCQ</subfield></datafield><datafield ind1=" " ind2=" " tag="042"><subfield code="a">msc</subfield></datafield><datafield ind1="0" ind2="4" tag="245"><subfield code="a">The Amsterdam daily Democrat and evening recorder.</subfield></datafield><datafield ind1="1" ind2="7" tag="246"><subfield code="a">Amsterdam daily Democrat</subfield></datafield><datafield ind1=" " ind2=" " tag="260"><subfield code="a">Amsterdam, N.Y. :</subfield><subfield code="b">W.J. Kline,</subfield><subfield code="c">1894-1902.</subfield></datafield><datafield ind1=" " ind2=" " tag="300"><subfield code="a">v. :</subfield><subfield code="b">ill. ;</subfield><subfield code="c">58 cm.</subfield></datafield><datafield ind1=" " ind2=" " tag="310"><subfield code="a">Daily (except Sunday)</subfield></datafield><datafield ind1="0" ind2=" " tag="362"><subfield code="a">Vol. 15, no. 190 (Apr. 2, 1894)-v. 23, no. 162 (Feb. 28, 1902) = Whole no. 4,598-6,927.</subfield></datafield><datafield ind1=" " ind2=" " tag="580"><subfield code="a">Weekly ed.: Amsterdam Democrat (Amsterdam, N.Y. : 1882).</subfield></datafield><datafield ind1=" " ind2="4" tag="651"><subfield code="a">Amsterdam (N.Y.)</subfield><subfield code="v">Newspapers.</subfield></datafield><datafield ind1=" " ind2="4" tag="651"><subfield code="a">Montgomery County (N.Y.)</subfield><subfield code="v">Newspapers.</subfield></datafield><datafield ind1=" " ind2=" " tag="752"><subfield code="a">United States</subfield><subfield code="b">New York</subfield><subfield code="c">Montgomery</subfield><subfield code="d">Amsterdam.</subfield></datafield><datafield ind1="1" ind2=" " tag="775"><subfield code="t">Amsterdam Democrat (Amsterdam, N.Y. : 1882)</subfield><subfield code="w">(DLC)sn 88074628</subfield></datafield><datafield ind1="0" ind2=" " tag="775"><subfield code="t">Semi-weekly recorder and Democrat</subfield><subfield code="w">(DLC)sn 88074629</subfield></datafield><datafield ind1="0" ind2="0" tag="780"><subfield code="t">Daily Democrat and daily recorder</subfield><subfield code="w">(DLC)sn 84031056</subfield><subfield code="w">(OCoLC)11510787</subfield></datafield><datafield ind1="0" ind2="0" tag="785"><subfield code="t">Amsterdam evening recorder and daily Democrat</subfield><subfield code="w">(DLC)sn 84031722</subfield></datafield><datafield ind1="1" ind2=" " tag="029"><subfield code="a">AU@</subfield><subfield code="b">000020515123</subfield></datafield></record>